<?xml version="1.0" encoding="UTF-8"?><collection xmlns="http://www.loc.gov/MARC21/slim"><record><leader>00315nam--2200133-i-4500</leader><controlfield tag="001">000049858</controlfield><controlfield tag="002">20161230</controlfield><controlfield tag="005">20161230201047</controlfield><controlfield tag="008">060222s1000------------r-----000-0-eng-d</controlfield><datafield ind1=" " ind2=" " tag="080"><subfield code="a">533.9</subfield></datafield><datafield ind1=" " ind2=" " tag="100"><subfield code="a">Arcimovich,L.A</subfield></datafield><datafield ind1=" " ind2=" " tag="245"><subfield code="a">Elementarnaia fizika plazmy</subfield></datafield><datafield ind1=" " ind2=" " tag="260"><subfield code="a">Moskva, Atomizdat, 1969. 190 S</subfield></datafield><datafield ind1=" " ind2=" " tag="852"><subfield code="a">32208</subfield></datafield></record></collection>